@online{ OSM,
	author = "OpenStreetMap Foundation",
	title = "OpenStreetMap",
	year = "2015",
	url="www.openstreetmap.org"
}

@online{ mapbox:showcase,
	author = "Mapbox",
	title = "Showcase | Mapbox",
	year = "2015",
	url = "https://www.mapbox.com/showcase/"
}

@misc{ wiki:opensource,
   author = "Wikipedia",
   title = "Open source --- Wikipedia{,} L'enciclopedia libera",
   year = "2015",
   url = "http://it.wikipedia.org/w/index.php?title=Open_source&oldid=76793914",
   note = "[Online; in data 25-novembre-2015]"
 }
 
@online{ bing:tdf,
	author = "Bing",
	title = "New Bing Map App: 2010 Tour de France",
	year = "2010",
	url = "https://blogs.bing.com/maps/2010/07/01/new-bing-map-app-2010-tour-de-france/"
}